<?xml version="1.0" encoding="UTF-8"?><collection xmlns="http://www.loc.gov/MARC21/slim"><record><leader>00463nam--2200133-i-4500</leader><controlfield tag="001">000019540</controlfield><controlfield tag="002">20161230</controlfield><controlfield tag="005">20161230201033</controlfield><controlfield tag="008">060222s1000------------r-----000-0-eng-d</controlfield><datafield ind1=" " ind2=" " tag="245"><subfield code="a">Symetry in chemical theory:application of group theoretical techniques to the solution of chemical problemes</subfield></datafield><datafield ind1=" " ind2=" " tag="260"><subfield code="a">Pennsylvania, Dowden, Hutchinson &amp; Ross, Inc., 1973.Xv + 508 P</subfield></datafield><datafield ind1=" " ind2=" " tag="490"><subfield code="a">Benchmark Papers In Inorganic Chemistry</subfield></datafield><datafield ind1=" " ind2=" " tag="700"><subfield code="a">Fackler, John P</subfield></datafield><datafield ind1=" " ind2=" " tag="852"><subfield code="a">41899</subfield></datafield></record></collection>